@misc{pandas,
  title = {Pandas},
  howpublished = {\url{https://pandas.pydata.org/}},
  note = {Accessed: 2023-04-30}
}

@misc{numpy,
  title = {Numpy},
  howpublished = {\url{https://numpy.org/}},
  note = {Accessed: 2023-04-30}
}

@misc{matplotlib,
  title = {Matplotlib},
  howpublished = {\url{https://matplotlib.org/}},
  note = {Accessed: 2023-04-30}
}

@misc{scikit_learn,
  title = {Scikit-Learn},
  howpublished = {\url{https://scikit-learn.org/stable/}},
  note = {Accessed: 2023-04-30}
}

@misc{imbalanced_learn,
  title = {Imbalanced-Learn},
  howpublished = {\url{https://imbalanced-learn.org/stable/}},
  note = {Accessed: 2023-04-30}
}

@misc{tensorflow,
  title = {Tensorflow},
  howpublished = {\url{https://www.tensorflow.org/?hl=fr}},
  note = {Accessed: 2023-04-30}
}